<?xml version="1.0" encoding="UTF-8"?>
<record xmlns="http://www.loc.gov/MARC21/slim">
   <leader>01297cam a2200265 a 4500</leader>
   <controlfield tag="001">324565</controlfield>
   <controlfield tag="003">NjP</controlfield>
   <controlfield tag="005">20170605130911.0</controlfield>
   <controlfield tag="008">860818s1912    ua       b    00010 ara d</controlfield>
   <datafield tag="024" ind1="7" ind2=" ">
      <subfield code="a">princeton_aco004114</subfield>
      <subfield code="2">local</subfield>
   </datafield>
   <datafield ind1=" " ind2=" " tag="035">
      <subfield code="a">(OCoLC)25297332</subfield>
   </datafield>
   <datafield ind1=" " ind2=" " tag="035">
      <subfield code="a">(CStRLIN)NJPG86-B35821</subfield>
   </datafield>
   <datafield ind1=" " ind2=" " tag="035">
      <subfield code="9">ABP9880TS</subfield>
   </datafield>
   <datafield ind1=" " ind2=" " tag="040">
      <subfield code="a">NjP</subfield>
      <subfield code="c">NjP</subfield>
   </datafield>
   <datafield ind1="1" ind2=" " tag="100">
      <subfield code="a">Ben Shimʻon, Masʻud Ḥai,</subfield>
      <subfield code="d">1870 or 1871-</subfield>
      <subfield code="0">http://id.loc.gov/authorities/names/nr92029429</subfield>
   </datafield>
   <datafield ind1="1" ind2="0" tag="240">
      <subfield code="a">Shaʻare mishpaṭ</subfield>
   </datafield>
   <datafield ind1="1" ind2="0" tag="245">
      <subfield code="a">Sefer Shaʻare mishpaṭ =</subfield>
      <subfield code="b">Kitāb al-aḥkām al-sharʻīyah fī al-aḥwāl al-shakhṣīyah lil-Isrāʼīlīyīn /</subfield>
      <subfield code="c">taʼlīf M. Ḥayy ibn Shimʻūn.</subfield>
   </datafield>
   <datafield ind1=" " ind2=" " tag="260">
      <subfield code="a">Miṣr :</subfield>
      <subfield code="b">Maṭbaʻat Kūhīn wa-Rūzintāl,</subfield>
      <subfield code="c">1912.</subfield>
   </datafield>
   <datafield ind1=" " ind2=" " tag="300">
      <subfield code="a">17, 340 p. ;</subfield>
      <subfield code="c">24 cm.</subfield>
   </datafield>
   <datafield ind1=" " ind2=" " tag="504">
      <subfield code="a">Includes bibliographical references.</subfield>
   </datafield>
   <datafield ind1=" " ind2="0" tag="650">
      <subfield code="a">Domestic relations (Jewish law)</subfield>
      <subfield code="0">http://id.loc.gov/authorities/subjects/sh85038940</subfield>
   </datafield>
   <datafield ind1=" " ind2="0" tag="650">
      <subfield code="a">Inheritance and succession (Jewish law)</subfield>
      <subfield code="0">http://id.loc.gov/authorities/subjects/sh85066385</subfield>
   </datafield>
   <datafield ind1="0" ind2=" " tag="740">
      <subfield code="a">Kitāb al-aḥkām al-sharʻiyah fī al-aḥwāl al-shakhṣīyah lil-Isra̲ʼīlīyīn.</subfield>
   </datafield>
   <datafield ind1="0" ind2=" " tag="740">
      <subfield code="a">Aḥkām al-sharʻīyah fī al-aḥwāl al-shakhsīyah lil-Isrāʼīlīyīn.</subfield>
   </datafield>
   <datafield ind1=" " ind2=" " tag="998">
      <subfield code="a">05/01/95</subfield>
      <subfield code="s">9118</subfield>
      <subfield code="n">NjP</subfield>
      <subfield code="w">NYBGADS4723B</subfield>
      <subfield code="d">08/18/86</subfield>
      <subfield code="c">DGH</subfield>
      <subfield code="b">BS</subfield>
      <subfield code="i">950501</subfield>
      <subfield code="l">NJPG</subfield>
   </datafield>
   <datafield ind1=" " ind2=" " tag="911">
      <subfield code="a">19950511</subfield>
   </datafield>
   <datafield ind1=" " ind2=" " tag="912">
      <subfield code="a">19950501000000.0</subfield>
   </datafield>
   <datafield ind1="8" ind2="0" tag="852">
      <subfield code="0">354927</subfield>
      <subfield code="b">rcppa</subfield>
      <subfield code="t">1</subfield>
      <subfield code="h">KBM</subfield>
      <subfield code="i">.B467</subfield>
      <subfield code="x">tr fr arab</subfield>
   </datafield>
   <datafield ind1=" " ind2=" " tag="959">
      <subfield code="a">2000-06-13 00:00:00 -0400</subfield>
   </datafield>
</record>
